@ARTICLE{i2i,
  author={Pang, Yingxue and Lin, Jianxin and Qin, Tao and Chen, Zhibo},
  journal={IEEE Transactions on Multimedia}, 
  title={Image-to-Image Translation: Methods and Applications}, 
  year={2022},
  volume={24},
  number={},
  pages={3859-3881},
  doi={10.1109/TMM.2021.3109419}}

@article{cnn,
author = {Poletaev, I. and Pervunin, Konstantin and Tokarev, M.},
year = {2016},
month = {10},
pages = {(072002)-13},
title = {Artificial neural network for bubbles pattern recognition on the images},
volume = {754},
journal = {Journal of Physics Conference Series},
doi = {10.1088/1742-6596/754/7/072002}
}

@misc{unet,
      title={U-Net: Convolutional Networks for Biomedical Image Segmentation}, 
      author={Olaf Ronneberger and Philipp Fischer and Thomas Brox},
      year={2015},
      eprint={1505.04597},
      archivePrefix={arXiv},
      primaryClass={cs.CV}
}

@inproceedings{transformer,
title	= {Attention is All You Need},
author	= {Ashish Vaswani and Noam Shazeer and Niki Parmar and Jakob Uszkoreit and Llion Jones and Aidan N. Gomez and Lukasz Kaiser and Illia Polosukhin},
year	= {2017},
URL	= {https://arxiv.org/pdf/1706.03762.pdf}
}

@article{vit,
  author       = {Alexey Dosovitskiy and
                  Lucas Beyer and
                  Alexander Kolesnikov and
                  Dirk Weissenborn and
                  Xiaohua Zhai and
                  Thomas Unterthiner and
                  Mostafa Dehghani and
                  Matthias Minderer and
                  Georg Heigold and
                  Sylvain Gelly and
                  Jakob Uszkoreit and
                  Neil Houlsby},
  title        = {An Image is Worth 16x16 Words: Transformers for Image Recognition
                  at Scale},
  journal      = {CoRR},
  volume       = {abs/2010.11929},
  year         = {2020},
  url          = {https://arxiv.org/abs/2010.11929},
}

@article{vitcnn,
  title={Vision Transformer Outperforms Deep Convolutional Neural Network-based Model in Classifying X-ray Images},
  author={Uparkar, Om and Bharti, Jyoti and Pateriya, RK and Gupta, Rajeev Kumar and Sharma, Ashutosh},
  journal={Procedia Computer Science},
  volume={218},
  pages={2338--2349},
  year={2023},
  publisher={Elsevier}
}

@misc{ts,
  author = {Slava Polonski},
  title = {AI Solutionism},
  year = 2018,
  howpublished = "\url{https://towardsdatascience.com/risks-of-ai-solutionism-dangers-of-machine-learning-and-artificial-intelligence-in-politics-and-government-728b7577a243}",
  urldate = {2023-04-12}
}

@INPROCEEDINGS{watermark,
  author={Xia, Qi and Su, Jianxia},
  booktitle={2022 IEEE 6th Information Technology and Mechatronics Engineering Conference (ITOEC)}, 
  title={Research on watermarking removal algorithm based on deep learning}, 
  year={2022},
  volume={6},
  number={},
  pages={280-283},
  doi={10.1109/ITOEC53115.2022.9734652}}

@misc{uvcgan,
      title={UVCGAN: UNet Vision Transformer cycle-consistent GAN for unpaired image-to-image translation}, 
      author={Dmitrii Torbunov and Yi Huang and Haiwang Yu and Jin Huang and Shinjae Yoo and Meifeng Lin and Brett Viren and Yihui Ren},
      year={2022},
      eprint={2203.02557},
      archivePrefix={arXiv},
      primaryClass={cs.CV}
}

@misc{janochaloss,
      title={On Loss Functions for Deep Neural Networks in Classification}, 
      author={Katarzyna Janocha and Wojciech Marian Czarnecki},
      year={2017},
      eprint={1702.05659},
      archivePrefix={arXiv},
      primaryClass={cs.LG}
}

@misc{uvcgan2,
      title={Rethinking CycleGAN: Improving Quality of GANs for Unpaired Image-to-Image Translation}, 
      author={Dmitrii Torbunov and Yi Huang and Huan-Hsin Tseng and Haiwang Yu and Jin Huang and Shinjae Yoo and Meifeng Lin and Brett Viren and Yihui Ren},
      year={2023},
      eprint={2303.16280},
      archivePrefix={arXiv},
      primaryClass={cs.CV}
}

@misc{lossblur,
      title={Image-to-Image Translation with Conditional Adversarial Networks}, 
      author={Phillip Isola and Jun-Yan Zhu and Tinghui Zhou and Alexei A. Efros},
      year={2018},
      eprint={1611.07004},
      archivePrefix={arXiv},
      primaryClass={cs.CV}
}

@misc{rawpy,
    title={Rawpy API Reference},
    author={Maik Riechert},
    year={2014},
    howpublished = "\url{https://letmaik.github.io/rawpy/api/}"
}

@misc{lossdocs,
title={Loss Functions},
author={Vivian Lee},
year={2020},
howpublished = "\url{https://machine-learning-note.readthedocs.io/en/latest/basic/loss_functions.html}"
}

@ARTICLE{L1ssim,
  author={Zhao, Hang and Gallo, Orazio and Frosio, Iuri and Kautz, Jan},
  journal={IEEE Transactions on Computational Imaging}, 
  title={Loss Functions for Image Restoration With Neural Networks}, 
  year={2017},
  volume={3},
  number={1},
  pages={47-57},
  doi={10.1109/TCI.2016.2644865}}

@misc{cam,
    title={Smartphones vs Cameras: Closing the Gap on Image Quality},
author={DXOMARK},
howpublished=
    "\url{https://www.dxomark.com/smartphones-vs-cameras-closing-the-gap-on-image-quality/}"
}

@misc{bletchley,
    title={Bletchley Users Guide},
author={Justin Li},
howpublished=
    "\url{https://github.com/justinnhli/bletchley-docs/blob/main/users.md}"
}

@article{ensemble,
  title={Adaptive Ensemble Learning: Boosting Model Performance through Intelligent Feature Fusion in Deep Neural Networks},
  author={Mungoli, Neelesh},
  journal={arXiv preprint arXiv:2304.02653},
  year={2023}
}

@misc{noise,
    title={A beginner's guide to image noise},
author={Shifa Rahaman},
year={2021},
howpublished=
    "\url{https://www.pixop.com/blog/image-noise-causes}"
}

@inproceedings{bert,
    title = "{BERT}: Pre-training of Deep Bidirectional Transformers for Language Understanding",
    author = "Devlin, Jacob  and
      Chang, Ming-Wei  and
      Lee, Kenton  and
      Toutanova, Kristina",
    booktitle = "Proceedings of the 2019 Conference of the North {A}merican Chapter of the Association for Computational Linguistics: Human Language Technologies, Volume 1 (Long and Short Papers)",
    year = "2019",
    publisher = "Association for Computational Linguistics",
    url = "https://aclanthology.org/N19-1423",
    doi = "10.18653/v1/N19-1423",
}

@inproceedings{sidd,
  title={A high-quality denoising dataset for smartphone cameras},
  author={Abdelhamed, Abdelrahman and Lin, Stephen and Brown, Michael S},
  booktitle={Proceedings of the IEEE conference on computer vision and pattern recognition},
  pages={1692--1700},
  year={2018}
}

@misc{uvcgan4slats,
      title={Unsupervised Domain Transfer for Science: Exploring Deep Learning Methods for Translation between LArTPC Detector Simulations with Differing Response Models}, 
      author={Yi Huang and Dmitrii Torbunov and Brett Viren and Haiwang Yu and Jin Huang and Meifeng Lin and Yihui Ren},
      year={2023},
      eprint={2304.12858},
      archivePrefix={arXiv},
      primaryClass={hep-ex}
}

@article{hybrid1,
  title={HCUGAN: Hybrid Cyclic UNET GAN for Generating Augmented Synthetic Images of Chest X-Ray Images for Multi Classification of Lung Diseases},
  author={Buragadda, Swathi and Rani, Kodali Sandhya and Vasantha, Sandhya Venu and Chakravarthi, M Kalyan},
  journal={International Journal of Engineering Trends and Technology},
  volume={70},
  number={2},
  pages={229--238},
  year={2022}
}

@inproceedings{hybrid2,
  title={Vit-gan: Using vision transformer as discriminator with adaptive data augmentation},
  author={Hirose, Shota and Wada, Naoki and Katto, Jiro and Sun, Heming},
  booktitle={2021 3rd International Conference on Computer Communication and the Internet (ICCCI)},
  pages={185--189},
  year={2021},
  organization={IEEE}
}

@article{hybrid3,
  title={Scopeformer: n-CNN-ViT hybrid model for intracranial hemorrhage classification},
  author={Barhoumi, Yassine and Ghulam, Rasool},
  journal={arXiv preprint arXiv:2107.04575},
  year={2021}
}